<record xmlns="http://www.loc.gov/MARC21/slim" xmlns:xsi="http://www.w3.org/2001/XMLSchema-instance" xsi:schemaLocation="http://www.loc.gov/MARC21/slim http://www.loc.gov/standards/marcxml/schema/MARC21slim.xsd">

  <leader>00756nam a2200205   4500</leader>
  <controlfield tag="008">160502b2010    ag ||||| |||| 00| | spa d</controlfield>
  <datafield ind1=" " ind2=" " tag="020">
    <subfield code="a">9789871543588</subfield>
  </datafield>
  <datafield tag="090" ind2=" " ind1=" ">
    <subfield code="a">06.03.06</subfield>
    <subfield code="b">2325</subfield>
  </datafield>
  <datafield ind2=" " ind1="1" tag="100">
    <subfield code="9">1693</subfield>
    <subfield code="a">Mollis, Marcela</subfield>
  </datafield>
  <datafield ind2="0" ind1="1" tag="245">
    <subfield code="a">Políticas de posgrado y conocimiento público en América Latina y El Caribe: desafíos y perspectivas /</subfield>
    <subfield code="c">Marcela Mollis, Jorge Nuñez Jover, Carmen García Guadilla</subfield>
  </datafield>
  <datafield ind2=" " ind1=" " tag="260">
    <subfield code="a">Buenos Aires, Argentina :</subfield>
    <subfield code="b">CLACSO,</subfield>
    <subfield code="c">2010</subfield>
  </datafield>
  <datafield ind1=" " ind2=" " tag="300">
    <subfield code="a">164 páginas</subfield>
  </datafield>
  <datafield ind1=" " ind2=" " tag="490">
    <subfield code="a">Colección Red Clacso de posgrados</subfield>
  </datafield>
  <datafield tag="650" ind1="1" ind2="4">
    <subfield code="9">8</subfield>
    <subfield code="a">EDUCACIÓN SUPERIOR</subfield>
  </datafield>
  <datafield tag="650" ind1="1" ind2="4">
    <subfield code="9">958</subfield>
    <subfield code="a">POLÍTICA GUBERNAMENTAL</subfield>
  </datafield>
  <datafield ind2="4" ind1="1" tag="650">
    <subfield code="9">163</subfield>
    <subfield code="a">INVESTIGACIÓN</subfield>
  </datafield>
  <datafield tag="700" ind2=" " ind1="1">
    <subfield code="9">1695</subfield>
    <subfield code="a">Nuñez Jover, Jorge</subfield>
  </datafield>
  <datafield ind2=" " ind1="1" tag="700">
    <subfield code="9">1696</subfield>
    <subfield code="a">García Guadilla, Carmen</subfield>
  </datafield>
  <datafield tag="942" ind1=" " ind2=" ">
    <subfield code="2">z</subfield>
    <subfield code="c">01</subfield>
  </datafield>
  <datafield ind1=" " ind2=" " tag="999">
    <subfield code="c">3191</subfield>
    <subfield code="d">3191</subfield>
  </datafield>
</record>